001  0000146
005  20180822163139.280
008  170706s||||     bl|||||||||||||||||por|u
020    $a8585756675
040    $aPorto Alegre$bpor
080    $2784.4(81)$a1997
090    $a784.4(81)$bS663s$c2 ed.
100 1  $aSodré, Muniz
245 10 $aSamba$bo dono do corpo$cMuniz Sodré
250    $a2 ed.
260    $aRio de Janeiro$bMauad$c1998
300    $a111 p.
650    $aSamba
650    $aMúsica
650    $aNegro
650    $aDança
650    $aHistória
650    $aBrasil
650    $aCultura afro-brasileira
